@article{yue2020stronger,
  title={Stronger policy required to substantially reduce deaths from PM 2.5 pollution in China},
  author={Yue, Huanbi and He, Chunyang and Huang, Qingxu and Yin, Dan and Bryan, Brett A},
  journal={Nature communications},
  volume={11},
  number={1},
  pages={1--10},
  year={2020},
  publisher={Nature Publishing Group}
}